@article{Adams1970,
  author  = {Adams, C. E.},
  title   = {Ageing and reproduction in the female mammal with particular reference to the rabbit},
  journal = {J. Reprod. Fertil},
  year    = {1970},
  volume  = {12},
  number  = {},
  pages   = {9-16},
}

@article{Adams1955,
  author  = {Adams, D. H.},
  title   = {Liver catalase in the riboflavin-deficient mouse},
  journal = {Biochem. J},
  year    = {1955},
  volume  = {60},
  number  = {},
  pages   = {568},
}

@incollection{Alexander1963,
  author    = {Alexander, P. and D. I. Connell},
  title     = {The failure of the potent mutagenic chemical, ethyl methane sulphonate, to shorten the life-span of mice},
  booktitle = {},
  editor    = {R.J.C. Harris},
  year      = {1963},
  publisher = {Academic Press},
  address   = {N.Y},
  pages     = {259},
}

@article{Allfrey1964,
  author  = {Allfrey, V. G. and R. Meudt and J. W. Hopkins and A. E. Mirsky},
  title   = {Sodium-dependent `transport' reactions in the cell nucleus and their role in protein and nucleic acid synthesis},
  journal = {Proc. Nat. Acad. Sci},
  year    = {1964},
  volume  = {47},
  number  = {},
  pages   = {907},
}

@article{Angelova-Gateva1969,
  author  = {Angelova-Gateva, P.},
  title   = {Tissue respiration and glycolysis in quadriceps femoris and heart of rats of different ages during hypodynamia},
  journal = {Exp. Geront},
  year    = {1969},
  volume  = {4},
  number  = {},
  pages   = {117},
}

@article{Armstrong1971,
  author  = {Armstrong, D. T. and E. R. King},
  title   = {Uterine progesterone metabolism and progestational response: effects of estrogens and prolactin},
  journal = {Endocrinol},
  year    = {1971},
  volume  = {89},
  number  = {},
  pages   = {191},
}

@article{Arvay1971,
  author  = {Arvay, A. and I. Takacs and P. Ladanyi and A. Balough and K. Benko},
  title   = {The effect of intensive nervous stimulation on certain physico-chemical properties of rat tail tendon and uterus colagen},
  journal = {Gerontologica},
  year    = {1971},
  volume  = {17},
  number  = {},
  pages   = {157-169},
}

@article{Atkinson1971,
  author  = {Atkinson, D. E.},
  title   = {Limitation of metabolite concentrations and the conservation of solvent capacity in the living cell},
  journal = {Ann. N.Y. Acad. Sci},
  year    = {1971},
  volume  = {52},
  number  = {3},
  pages   = {68-71},
}

@article{Atkinson1949,
  author  = {Atkinson, W. B. and H. Kaunitz and C. A. Slanetz},
  title   = {Ovarian hormones and uterine pigmentation in vitamin E deficiency},
  journal = {Fed. Proc},
  year    = {1949},
  volume  = {8},
  number  = {},
  pages   = {349},
}

@article{Auletta1971,
  author  = {Auletta, F. J.},
  title   = {effect of epinephrine on implantation and foetal survival in the rabbit},
  journal = {J. Reprod. Fert},
  year    = {1971},
  volume  = {27},
  number  = {},
  pages   = {281-282},
}

@misc{Auberback1970,
  author = {Auberback, R.},
  title  = {Presentation at Immunology Symposium, University of Oregon, November, 1970.},
  year   = {1970},
  note   = {"Could not parse automatically"},
}

@article{Baird1971,
  author  = {Baird, M. B. and H. V. S. Amis},
  title   = {Regulation of catalase activity in mice of different ages},
  journal = {Gerontologica},
  year    = {1971},
  volume  = {17},
  number  = {},
  pages   = {105-115},
}

@article{Baird1957,
  author  = {Baird, S. L. Jr. and G. Karreman and H. Mueller and A. Szent-Gy√∂rgyi},
  title   = {Ionic semipermeability as a bulk property},
  journal = {Proc. Nat. Acad. Sci},
  year    = {1957},
  volume  = {43},
  number  = {},
  pages   = {705-708},
}

@incollection{Baker1962,
  author    = {Baker, S. P. and N. W. Shock and A. H. Norris},
  title     = {Influence of age and obesity in women on basal oxygen consumption expressed in terms of total body water and intracellular water},
  booktitle = {},
  editor    = {N. W. Shock},
  year      = {1962},
  publisher = {Colombia University Press},
  address   = {New York},
  pages     = {84},
}

@article{Barker1966,
  author  = {Barker, K. L. and M. H. Neilson and J. C. Warren},
  title   = {Estrogen control of uterine carbohydrate metabolism: Factors affecting glucose utilization},
  journal = {Endocrinol},
  year    = {1966},
  volume  = {79},
  number  = {},
  pages   = {1069},
}

@article{Barker1966b,
  author  = {Barker, K. L. and J. C. Warren},
  title   = {Estrogen control of carbohydrate metabolism in the rat uterus: Pathways of glucose metabolism},
  journal = {Endorinol},
  year    = {1966},
  volume  = {78},
  number  = {},
  pages   = {1205-1212},
}

@article{Barnett1971,
  author  = {Barnett, S. A. and K. M. H. Munro},
  title   = {Persistent corpora lutea of mice in a cold environment},
  journal = {Nature},
  year    = {1971},
  volume  = {232},
  number  = {},
  pages   = {406-407},
}

@article{Battellino1971,
  author  = {Battellino, L. J. and J. Sabulsky and A. Blanco},
  title   = {Lactate dehydrogenase iso-enzymes in rat uterus: Changes during pregnancy},
  journal = {J. Reprod. Fert},
  year    = {1971},
  volume  = {25},
  number  = {},
  pages   = {393-399},
}

@article{Beard1962,
  author  = {Beard, J. and P. Hollander},
  title   = {The nature of uterine phenol-activated oxidation of DPNH},
  journal = {Arch. Biochem. Biophys},
  year    = {1962},
  volume  = {96},
  number  = {},
  pages   = {592-600},
}

@misc{Bell1971,
  author = {Bell, E.},
  title  = {Report on First International Conference on Cell Differentiation, sections I and IV: Embryology and Cell Biology, Dev, Biol, 26(3): 505.},
  year   = {1971},
  note   = {"Could not parse automatically"},
}

@article{Biggers1969,
  author  = {Biggers, J. D.},
  title   = {Problems concerning the uterine causes of embryonic death, with special reference to the effects of aging on the uterus},
  journal = {J. Reprod. Fert. Suppl},
  year    = {1969},
  volume  = {8},
  number  = {},
  pages   = {27-43},
}

@incollection{Biggers1971,
  author    = {Biggers, J. D.},
  title     = {New observations on the nutrition of the mammalian oocyte and the preimplantation embryo},
  booktitle = {},
  editor    = {R. J. Blandau},
  year      = {1971},
  publisher = {University of Chicago Press},
  address   = {Chicago},
  pages     = {319},
}

@article{Biskind1946,
  author  = {Biskind, M. S.},
  title   = {Nutritional therapy of endocrine disturbances},
  journal = {Vitamins and Hormones},
  year    = {1946},
  volume  = {4},
  number  = {},
  pages   = {147-170},
}

@article{Bjorkerud1963,
  author  = {Bjorkerud, S. and J. T. Cummins},
  title   = {Selected enzymic studies of lipofuscin granules isolated from bovine cardiac muscle},
  journal = {Exp. Cell Res},
  year    = {1963},
  volume  = {32},
  number  = {},
  pages   = {510},
}

@incollection{Bjorkerud1964,
  author    = {Bjorkerud, S.},
  title     = {Isolated lipofuscin granules. A survey of a new field},
  booktitle = {},
  editor    = {B. L. Strehler},
  year      = {1964},
  publisher = {Acad. Press},
  address   = {N. Y},
  pages     = {257},
}

@misc{Blaha1971,
  author = {Blaha, G. C.},
  title  = {Ovarian steroid dehydrogenase and plasma progesterone levels in aged golden hamsters. Anat. Rec. 169: 279 (abstr).},
  year   = {1971},
  note   = {"Could not parse automatically"},
}

@article{Blaha1964,
  author  = {Blaha, G. C.},
  title   = {Reproductive senescence in the golden hamster},
  journal = {Anat. Rec},
  year    = {1964},
  volume  = {150},
  number  = {},
  pages   = {405-412},
}

@article{Blandau1949,
  author  = {Blandau, R. J. and H. Kaunitz and C. A. Slanets},
  title   = {Ovulation, fertilization, and transport of ova in old, vitamin E deficient rats},
  journal = {J. Nut},
  year    = {1949},
  volume  = {38},
  number  = {},
  pages   = {97},
}

@article{Bloch1961,
  author  = {Bloch, S.},
  title   = {Untersuchungen uber Klimakterium und Menopause on Albino-Ratten},
  journal = {III Mitleitung. Gynaecologia},
  year    = {1961},
  volume  = {152},
  number  = {},
  pages   = {414},
}

@misc{Bo1971,
  author = {Bo, W. J. and W. L. Poteat and W. A. Krueger and F. McAlister},
  title  = {The effect of progesterone on estradiol-17$\beta$-dipropionate-induced wet weight, percent water, and glycogen of the rat uterus. Life Science 6.},
  year   = {1971},
  note   = {"Could not parse automatically"},
}

@article{Boag1970,
  author  = {Boag, J. W.},
  title   = {Cell respiration as a function of oxygen tension},
  journal = {Int. J. Radiat. Biol},
  year    = {1970},
  volume  = {18},
  number  = {5},
  pages   = {474-478},
}

@article{Boling1939,
  author  = {Boling, J. L. and R. J . Blandau and J. F. Wilson and W. C. Young},
  title   = {Post-parturitional heat responses of new-born and adult guinea pigs},
  journal = {Data on partutition. Proc. Soc. Exp. Biol. Med},
  year    = {1939},
  volume  = {42},
  number  = {},
  pages   = {128},
}

@article{Boulos1972,
  author  = {Boulos, B. M. and M. MacDougall and D. W. Shoeman and D. L. Azarnoff},
  title   = {Evidence that inhibition of hepatic drug oxidation by tumors is mediated by a circulating humor},
  journal = {Proc. Soc. Exp. Biol. Med},
  year    = {1972},
  volume  = {139},
  number  = {4},
  pages   = {1353-1355},
}

@incollection{Brent1964,
  author    = {Brent, R. L.},
  title     = {Modification of the teratogenic and lethal effects of irradiation to the mammalian fetus},
  booktitle = {},
  editor    = {W. D. Carlson and F. X. Gassner},
  year      = {1964},
  publisher = {MacMillan},
  address   = {N.Y},
  pages     = {},
}

@incollection{Brinster1971,
  author    = {Brinster, R. L.},
  title     = {Mammalian embryonic metabolism},
  booktitle = {},
  editor    = {R. J. Blandau},
  year      = {1971},
  publisher = {University of Chicago Press},
  address   = {Chicago},
  pages     = {},
}

@incollection{Brooksby1964,
  author    = {Brooksby, G. and F. Sahinin and A and L. Soderwall},
  title     = {X-Irradiation effects on reproductive function in the female hamster},
  booktitle = {},
  editor    = {W. D. Carlson and F. X. Gassner},
  year      = {1964},
  publisher = {MacMillan},
  address   = {New York},
  pages     = {},
}

@incollection{Brown1964,
  author    = {Brown, S. W. and G. M. Krise and H. B. Pace and J. DeBoer},
  title     = {Effect of continuous radiation on reproductive capacity},
  booktitle = {},
  editor    = {W. D. Carlson and F. X. Gassner},
  year      = {1964},
  publisher = {MacMillan},
  address   = {N. Y},
  pages     = {103},
}

@article{Bruce1972,
  author  = {Bruce, N. W.},
  title   = {Resistance of the rat embryo to ligation of a uterine artery early in gestation},
  journal = {J. Reprod. Fert},
  year    = {1972},
  volume  = {28},
  number  = {},
  pages   = {265-267},
}

@article{Bullough1971,
  author  = {Bullough, W. S.},
  title   = {Ageing of mammals},
  journal = {Nature},
  year    = {1971},
  volume  = {229},
  number  = {},
  pages   = {608-610},
}

@article{Burack1941,
  author  = {Burack, E. and J and M. Wolfe and W. Lansing and A. W. Wright},
  title   = {The effect of age upon the connective tissue of the uterus, cervix, and vagina of the rat},
  journal = {Cancer Res},
  year    = {1941},
  volume  = {1},
  number  = {},
  pages   = {227},
}

@article{Butturini1949,
  author  = {Butturini, V.},
  title   = {Clinical and experimental studies in vitamin E},
  journal = {Ann. N.Y. Acad. Sci},
  year    = {1949},
  volume  = {52},
  number  = {3},
  pages   = {397-405},
}

@article{Bykhovtsova1970,
  author  = {Bykhovtsova, T. L.},
  title   = {The effect of ginseng and eleutherococcus root preparations on carbohydrate metabolism},
  journal = {Isvestiya Akademia Nauk SSSR, Seriya Biologicheskaya, No},
  year    = {1970},
  volume  = {6},
  number  = {},
  pages   = {916},
}

@article{Cahn1964,
  author  = {Cahn, D.},
  title   = {Developmental changes in embryonic enzyme patterns: The effect of oxidative substrates on lactic dehydrogenase in beating chick embryonic heart cell cultures},
  journal = {Devel. Biol},
  year    = {1964},
  volume  = {9},
  number  = {},
  pages   = {327-346},
}

@article{Calloway1966,
  author  = {Calloway, N. O. and B. S. Kujak},
  title   = {Patterns of water, ash and organic-matter changes in senescence, J},
  journal = {Am. Ger. Soc},
  year    = {1966},
  volume  = {14},
  number  = {},
  pages   = {505},
}

@misc{Carpenter1968,
  author = {Carpenter, D. G. and J. A. Loynd},
  title  = {An integrated theory of aging. J. Amer. Ger. Soc, 16(12).},
  year   = {1968},
  note   = {"Could not parse automatically"},
}

@incollection{Casarett1963,
  author    = {Casarett, G. W.},
  title     = {Concept and criteria of radiologic ageing},
  booktitle = {},
  editor    = {R. J. C. Harris},
  year      = {1963},
  publisher = {Academic Press},
  address   = {N. Y},
  pages     = {189},
}

@article{Cascarano1955,
  author  = {Cascarano, J. and B and W. Zweifach},
  title   = {Comparative histochemical and quantitative study of adrenal and kidney tissue by tetrazolium technique},
  journal = {J. Histochem. Cytochem},
  year    = {1955},
  volume  = {3},
  number  = {},
  pages   = {369},
}

@article{Challis1971,
  author  = {Challis, J. R. G. and R. B. Heap and D. V. Illingworth},
  title   = {Concentrations of oestrogen and progesterone in the plasma of non-pregnant and pregnant and lactating guinea-pigs},
  journal = {J. Endocr},
  year    = {1971},
  volume  = {51},
  number  = {},
  pages   = {333-345},
}

@article{Chatterjee1965,
  author  = {Chatterjee, I. B. and R. W. McKee},
  title   = {Biosynthesis of L-ascorbic acid in rat liver microsomes: Influnces of age, sex, dietary changes, and whole-body x-irradiation},
  journal = {Arch. Biochem. Biophys},
  year    = {1965},
  volume  = {109},
  number  = {},
  pages   = {62},
}

@article{Chatterjee1971,
  author  = {Chatterjee, S. N. and V. P. Kamboj and A. B. Kar},
  title   = {Effect of intrauterine contraceptive suture on corpura lutea of guinea pigs},
  journal = {Indian J. Exp. Biol},
  year    = {1971},
  volume  = {9},
  number  = {},
  pages   = {105},
}

@article{Chvapil1970,
  author  = {Chvapil, M. and J. Hurych and E and Mirejovska},
  title   = {Effect of long term hypoxia on protein synthesis in granuloma and in some organs in rats},
  journal = {Proc. Soc. Exp. Biol. Med},
  year    = {1970},
  volume  = {135},
  number  = {},
  pages   = {613-617},
}

@article{Clark1972,
  author  = {Clark, H. and E. Gurpide},
  title   = {Measurement of the solubility of progesterone under competitive protein binding assay conditions},
  journal = {J. Clin. Endocr. Metab},
  year    = {1972},
  volume  = {34},
  number  = {},
  pages   = {1085},
}

@article{Clark1971,
  author  = {Clark, S. W. and J. M. Yochim},
  title   = {Lactic dehydrogenase in the rat uterus during progestation, its relation to intrauterine oxygen tension and the regulation of glycolysis},
  journal = {Biol. of Reprod},
  year    = {1971},
  volume  = {5},
  number  = {},
  pages   = {152-160},
}

@book{Claus1970,
  author    = {Claus, E. P. and V. E. Tyler and L. R. Brady},
  title     = {},
  year      = {1970},
  publisher = {Pharmacognosy.'' Lea and Febiger},
  address   = {Philadelphia},
}

@article{Clinch1969,
  author  = {Clinch, J. and V. R. Tindall},
  title   = {Br},
  journal = {Med. J},
  year    = {1969},
  volume  = {5644},
  number  = {},
  pages   = {602-605},
}

@book{Comfort1964,
  author    = {Comfort, A.},
  title     = {},
  year      = {1964},
  publisher = {Mechanisms of ageing, the biology of senescence.'' Holt, Rinehart, and Winston},
  address   = {N. Y},
}

@misc{Comfort1969,
  author = {Comfort, A.},
  title  = {Geriatric Focus 8(17): 1.},
  year   = {1969},
  note   = {"Could not parse automatically"},
}

@article{Comolli1971,
  author  = {Comolli, R.},
  title   = {Hydrolase activity and intracellular pH in liver, heart and diaphragm of aging rats},
  journal = {Exper. Geront},
  year    = {1971},
  volume  = {6},
  number  = {3},
  pages   = {219},
}

@article{Cone1970,
  author  = {Cone, C. D. and Jr.},
  title   = {Variation of the transmembrane potential level as a basic mechanism of mitosis control},
  journal = {Oncology (Basel)},
  year    = {1970},
  volume  = {24},
  number  = {6},
  pages   = {438},
}

@phdthesis{Connors1969,
  author  = {Connors, T. J.},
  title   = {Reproductive senescence in the golden hamster: Early development and implantation of the blastocyst},
  school  = {University of Oregon, Eugene},
  year    = {1969},
}

@article{Connors1972,
  author  = {Connors, T. J. and L. W. Thorpe and A. L. Soderwall},
  title   = {An analysis of preimplantation embryonic death in senescent holden hamsters},
  journal = {Biol. Reprod},
  year    = {1972},
  volume  = {6},
  number  = {},
  pages   = {131-135},
}

@incollection{Cowdry1952,
  author    = {Cowdry, E. V.},
  title     = {p. 672},
  booktitle = {},
  editor    = {A. I. Lansing},
  year      = {1952},
  publisher = {Williams and Wilkins},
  address   = {Baltimore},
  pages     = {},
}

@book{Crile1941,
  author    = {Crile, G and w.},
  title     = {},
  year      = {1941},
  publisher = {Intelligence, Power and Personality, '' McGraw-Hill},
  address   = {N.Y},
}

@article{Csapo1950,
  author  = {Csapo, A},
  title   = {Actomyosin formation by estrogen action},
  journal = {Amer. J. Physiol},
  year    = {1950},
  volume  = {162},
  number  = {},
  pages   = {406},
}

@article{Damadian1971,
  author  = {Damadian, R.},
  title   = {Tumor initiation by nuclear magnetic resonance},
  journal = {Science},
  year    = {1971},
  volume  = {171},
  number  = {},
  pages   = {1151},
}

@article{Daniel1968,
  author  = {Daniel, C. W. and K. B. deOme and L. J. T. Young and P. B. Blair and L. J. Faulkin and Jr.},
  title   = {The in vivo life span of normal and preneoplastic mouse mammary glands: A serial transplantation study},
  journal = {Proc. Natl. Acad. Sci},
  year    = {1968},
  volume  = {61},
  number  = {1},
  pages   = {53},
}

@article{Daniel1971,
  author  = {Daniel, C. W. and L. J. T. Young},
  title   = {Influence of cell division on an aging process},
  journal = {Exp. Cell Res},
  year    = {1971},
  volume  = {65},
  number  = {},
  pages   = {27},
}

@article{Daniel1964,
  author  = {Daniel, J. C. and Jr.},
  title   = {Some effects of steroids on cleavage of rabbit eggs \textit{in vitro}},
  journal = {Endocrinol},
  year    = {1964},
  volume  = {75},
  number  = {},
  pages   = {706},
}

@article{Daniel1971b,
  author  = {Daniel, C. W. and L. J. T. Young and D. Medina and K. B. deOme},
  title   = {The influence of mammogenic hormones on serially transplanted mouse mammary gland},
  journal = {Exp. Geront},
  year    = {1971},
  volume  = {6},
  number  = {},
  pages   = {95},
}

@article{Dawkins1971,
  author  = {Dawkins, R.},
  title   = {Selective neurone death as a possible memory mechanism},
  journal = {Nature},
  year    = {1971},
  volume  = {229},
  number  = {},
  pages   = {118},
}

@article{Dawson1964,
  author  = {Dawson, D. M. and T. L. Goodfriend and N. O. Kaplan},
  title   = {Lactic dehydrogenase: functions of the two types},
  journal = {Science},
  year    = {1964},
  volume  = {143},
  number  = {},
  pages   = {929-933},
}

@incollection{Devik1963,
  author    = {Devik, F.},
  title     = {The effect of x-irradiation compared to an apparently sepcific early effect of skin carcinogens},
  booktitle = {},
  editor    = {R. J. C. Harris},
  year      = {1963},
  publisher = {Academic Press},
  address   = {N.Y},
  pages     = {},
}

@misc{De1970,
  author = {De Waard, F. and J. H. H. Thijssen},
  title  = {Relationship between hormonal cytology and steroid excretion in post-menopausal women. Endocrinol. 48(4): xxxvi-xxxvii.},
  year   = {1970},
  note   = {"Could not parse automatically"},
}

@incollection{Diczfalusy1964,
  author    = {Diczfalusy, E. G. Notter and R. Nissen-Meyer},
  title     = {Influence of ovarian irradiation on urinary estrogens},
  booktitle = {},
  editor    = {W. D. Carlson and F. X. Gassner},
  year      = {1964},
  publisher = {MacMillan},
  address   = {N.Y},
  pages     = {394},
}

@article{Dove1971,
  author  = {Dove, G. A. and F. Morley and A. Batchelor and S. F. Lunn},
  title   = {Oestrogenic function in postmenopausal women},
  journal = {J. Reprod. Fert},
  year    = {1971},
  volume  = {24},
  number  = {},
  pages   = {1-8},
}

@article{Dreisback1959,
  author  = {Dreisback, R. A.},
  title   = {The effects of steroid hormones on pregnant rats},
  journal = {J. Endocrin},
  year    = {1959},
  volume  = {18},
  number  = {},
  pages   = {271},
}

@misc{Drost-Hansen1970,
  author = {Drost-Hansen, W.},
  title  = {Structure and properties of water near biological interfaces. Lab. for Water Res., Coral Gables.},
  year   = {1970},
  note   = {"Could not parse automatically"},
}

@misc{Drost-Hansen1972,
  author = {Drost-Hansen, W.},
  title  = {Phase transitions in biological systems---manifestations of cooperative processes in vicinal water. Paper presented at New York Acad. of Sci. Internet. Conference on Interactions of Ions and Water with Macromolecules and Biological Systems, January, 1972. N.Y.},
  year   = {1972},
  note   = {"Could not parse automatically"},
}

@article{Drummond1939,
  author  = {Drummond, J. C. and R. L. Noble and M. D. Wright},
  title   = {Studies on the relationship of vitamin E (tocopherols) to the endocrine system},
  journal = {J. Endocrin},
  year    = {1939},
  volume  = {1},
  number  = {},
  pages   = {275},
}

@article{Dubina1970,
  author  = {Dubina, T. L.},
  title   = {Effect of complexons on the aging process},
  journal = {Dokl. Akad. Nauk BSSR},
  year    = {1970},
  volume  = {14},
  number  = {9},
  pages   = {860},
}

@article{Dudka1971,
  author  = {Dudka, L. T. and H. J. Inglis and R. E. Johnson and J. M. Pechinski and S. Plowman},
  title   = {Inequality of inspired and expired gaseous nitrogen in man},
  journal = {Nature},
  year    = {1971},
  volume  = {232},
  number  = {},
  pages   = {265},
}

@article{Dutra1949,
  author  = {Dutra de Oliveira, J.},
  title   = {The Shute test for checking unbalance produced by lack of vitamin E},
  journal = {Ann. N.Y. Acad. Sci},
  year    = {1949},
  volume  = {52},
  number  = {3},
  pages   = {325},
}

@misc{Edgren1961,
  author = {Edgren, R. A. and D. Peterson and M. A. Johnson and G. C. Shipley},
  title  = {Possible progesterone-blockage of estrogen-induced interruption of pregnancy in rats. Fert. and Ster. 12(2).},
  year   = {1961},
  note   = {"Could not parse automatically"},
}

@article{Eisenfeld1966,
  author  = {Eisenfeld, A. J and J. Axelrod},
  title   = {Effect of steroid hormones, ovariectomy, estrogen pretreatment, sex and immaturity on the distribution of H-estradiol},
  journal = {Endocrinol},
  year    = {1966},
  volume  = {78},
  number  = {},
  pages   = {38-42},
}

@article{Elftran1949,
  author  = {Elftran, H. and H. Kaunitz and C. A. Slanetz},
  title   = {Histochemistry of uterine pigment in vitamin E deficient rats},
  journal = {Ann. N.Y. Acad. Sci},
  year    = {1949},
  volume  = {52},
  number  = {},
  pages   = {72},
}

@article{Emerson1939,
  author  = {Emerson, G and A. and H. M. Evans},
  title   = {Restoration of fertility in successively older E-low female rats},
  journal = {J. Nutr},
  year    = {1939},
  volume  = {18},
  number  = {},
  pages   = {501},
}

@article{Engel1970,
  author  = {Engel, L. L.},
  title   = {Eli Lilly Lecture: Estrogen Metabolism and Action},
  journal = {Endocrin},
  year    = {1970},
  volume  = {87},
  number  = {5},
  pages   = {827},
}

@article{Ermini1970,
  author  = {Ermini, M.},
  title   = {Das Altern der Skelettmuskulatur},
  journal = {Gerontologia},
  year    = {1970},
  volume  = {16},
  number  = {},
  pages   = {65-71},
}

@article{Everitt1971,
  author  = {Everitt, A. V.},
  title   = {Food intake, growth and the aging of collagen in rat tail tendon},
  journal = {Gerontologia},
  year    = {1971},
  volume  = {17},
  number  = {},
  pages   = {98-104},
}

@article{Falk1959,
  author  = {Falk, J. E. and R. J. Porra and A. Bown and F. Moss and H. E. Larminie},
  title   = {Effect of oxygen tension in haem and prophyrin biosynthesis},
  journal = {Nature},
  year    = {1959},
  volume  = {184},
  number  = {},
  pages   = {1217},
}

@article{Farley1967,
  author  = {Farley, T. M. and J. Scholler and J. L. Smith and K. Folkers and C. D. Fitch.},
  title   = {Biochem},
  journal = {Biophys},
  year    = {1967},
  volume  = {121},
  number  = {},
  pages   = {625-632},
}

@article{Fernandes1972,
  author  = {Fernandes, G. and E. J. Yunis and J. Smith and R. Good},
  title   = {Dietary influence on breeding behavior, hemolytic anemia, and longevity in NZB mice},
  journal = {Proc. soc. for Exp. Biol. Med},
  year    = {1972},
  volume  = {139},
  number  = {4},
  pages   = {265-274},
}

@article{Field1976,
  author  = {Field, E. J.},
  title   = {The significance of astroglial hypertrophy in scrapie, kuru, multiple sclerosis and old age together with a note on the possible nature of the scrapie agent},
  journal = {Duetsche zeit. fur Nervenheilkunde},
  year    = {1976},
  volume  = {192},
  number  = {},
  pages   = {265-274},
}

@article{Figge1942,
  author  = {Figge, F. H. J. and L. C. Strong and L. C. Strong and Jr. and A. Shanbrom},
  title   = {Fluorescent porphyrins in Harderian glands and susceptibility to spontaneous mammary carcinoma in mice},
  journal = {Cancer Res},
  year    = {1942},
  volume  = {2},
  number  = {},
  pages   = {335},
}

@misc{Figge1945,
  author = {Figge, H. J.},
  title  = {The relationship of pyrrol compounds to carcinogenesis. Res. Conf. on Cancer (1944) p. 117-128.},
  year   = {1945},
  note   = {"Could not parse automatically"},
}

@article{Finn1966,
  author  = {Finn, C. A.},
  title   = {The initiation of the decidual cell reaction in the uterus of the aged mouse},
  journal = {J. Reprod. Fert},
  year    = {1966},
  volume  = {11},
  number  = {},
  pages   = {423-428},
}

@article{Finn1970,
  author  = {Finn, C. A.},
  title   = {The aging uterus and its influence on reproductive capacity},
  journal = {J. Reprod. Fert. Suppl},
  year    = {1970},
  volume  = {12},
  number  = {},
  pages   = {31-38},
}

@article{Finn1961,
  author  = {Finn, C. A. and C. C. Emmens},
  title   = {The effect of dimethylstilboesterol and oestradiol on deciduoma formation in the rat},
  journal = {J. Repr. Fertil},
  year    = {1961},
  volume  = {2},
  number  = {},
  pages   = {528-529},
}

@article{Finn1963,
  author  = {Finn, C. A. and S. M. Fitch and R. D. Harkness},
  title   = {Collagen content of barren and previously pregnant uterine horns in old mice},
  journal = {J. Reprod. Fert},
  year    = {1963},
  volume  = {6},
  number  = {},
  pages   = {405-407},
}

@article{Finn1969,
  author  = {Finn, C. A. and l. martin},
  title   = {The cellular response of the uterus of the aged mouse to oestrogen and progesterone},
  journal = {J. Repord. Fert},
  year    = {1969},
  volume  = {20},
  number  = {},
  pages   = {545-547},
}

@incollection{Fishman1950,
  author    = {Fishman, W. B.},
  title     = {$\beta$-glucuronidase},
  booktitle = {},
  editor    = {J. B. Sumner and K. Myrback},
  year      = {1950},
  publisher = {Academic Press},
  address   = {N.Y},
  pages     = {635},
}

@misc{Fishman1957,
  author = {Fishman, W. H. and S. Green},
  title  = {Enzymic catalysts of glucuronyl transfer. J. Biol. Chem.},
  year   = {1957},
  note   = {"Could not parse automatically"},
}

@article{Fishman1948,
  author  = {Fishman, W. H. and B. Springer and R. Brunetti},
  title   = {Application of an improved glucuronidase assay meethod to the study of human blood $\beta$-glucuronidase},
  journal = {J. Biol. Chem},
  year    = {1948},
  volume  = {173},
  number  = {},
  pages   = {449-456},
}

@article{Fitch1968,
  author  = {Fitch, C. D.},
  title   = {Experimental anemia in primates due to vitamin E deficiency},
  journal = {Vitamins and Hormones},
  year    = {1968},
  volume  = {26},
  number  = {},
  pages   = {501-514},
}

@article{Florkin1942,
  author  = {Florkin, M. and R. Crismer and G. Duchateau and R. Houet},
  title   = {Sur les $\beta$-glucuronides et la $\beta$-glucuronidase},
  journal = {Enzymologia},
  year    = {1942},
  volume  = {10},
  number  = {},
  pages   = {220},
}

@article{Folk1962,
  author  = {Folk, G. E. and Jr. and E. E. Grindeland},
  title   = {Effects of cold exposure on the oestrous cycle of the golden hamster (\textit{Mesocricetus auratus})},
  journal = {J. Reprod. Fert},
  year    = {1962},
  volume  = {4},
  number  = {},
  pages   = {1-6},
}

@article{Frampton1966,
  author  = {Frampton, J.},
  title   = {Increased oestrogen activity associated with postmenopausal bleeding},
  journal = {J. Obstet. Gyn. Br. Commonw},
  year    = {1966},
  volume  = {73},
  number  = {},
  pages   = {137},
}

@incollection{Fredricsson1969,
  author    = {Fredricsson, B.},
  title     = {Histochemistry of the oviduct},
  booktitle = {},
  editor    = {E. S. E. Hafez and R.J. Blandau},
  year      = {1969},
  publisher = {University of Chicago Press},
  address   = {Chicago},
  pages     = {311},
}

@incollection{Friedman1968,
  author    = {Friedman, S. M. and C. L. Friedman and M. Nakashima},
  title     = {Adrenal-neurohypophyseal regulation of electrolytes and work performance: Age-related changes in the rat},
  booktitle = {},
  editor    = {L. Gitman},
  year      = {1968},
  publisher = {Thomas},
  address   = {Springfield},
  pages     = {},
}

@article{Frolkis1970,
  author  = {Frolkis, V. V. and V. V. Bezrukov and L. N. Bogatskaya and N. S. Verkhratsky and V. P. Zamostian and V. G. Shevtchuk and I. V. Shtchegoleva},
  title   = {Catecholamines in the metabolism and functions regulation in aging},
  journal = {Gerontologia},
  year    = {1970},
  volume  = {16},
  number  = {},
  pages   = {129-140},
}

@article{Fuhr1949,
  author  = {Fuhr, A. and R. E. Johnson and H. Kaunitz and C. A. Slanetz},
  title   = {Increased tocopherol requirements during the rat's menopause},
  journal = {Ann. N.Y. Acad. Sci},
  year    = {1949},
  volume  = {52},
  number  = {},
  pages   = {83-87},
}

@misc{Fujisawa1969,
  author = {Fujisawa, H.},
  title  = {Changes in the isozyme patterns of lactate dehydrogenase (LDH) in the in vitro cultured muscle cells. Embryologia 10(3-4): 256-272.},
  year   = {1969},
  note   = {"Could not parse automatically"},
}

@incollection{Glenister1970,
  author    = {Glenister, T. W.},
  title     = {Ovo-implantation in vitro and its relation to normal implantation},
  booktitle = {},
  editor    = {},
  year      = {1970},
  publisher = {Karger},
  address   = {N. Y},
  pages     = {73-85},
}

@article{Goldfischer1969,
  author  = {Goldfischer, S. and J. Bernstein},
  title   = {Lipofuscin (aging) pigment granules of the newborn human liver},
  journal = {J. Cell Biol},
  year    = {1969},
  volume  = {42},
  number  = {},
  pages   = {253},
}

@article{Gonzalez-Angulo1970,
  author  = {Gonzalez-Angulo, A. and J. Rivadeneyra and J. Martinez-Manautou},
  title   = {Mitochondrial deformities in liver cells after high doses of estrogens},
  journal = {J. Cell Biol},
  year    = {1970},
  volume  = {47},
  number  = {},
  pages   = {74},
}

@article{Goodfriend1964,
  author  = {Goodfriend, T. L. and N. O. Kaplan},
  title   = {Effects of hormone administration on lactic dehydrogenase},
  journal = {J. Biol. Chem},
  year    = {1964},
  volume  = {239},
  number  = {1},
  pages   = {130-135},
}

@article{Goodland1953,
  author  = {Goodland, R. L. and J. G. Reynolds and A. B. McCoord and W. T. Pommerenke},
  title   = {Respiratory and electrolyte effects induced by estrogen and progesterone},
  journal = {Fert. and Ster},
  year    = {1953},
  volume  = {6},
  number  = {4},
  pages   = {300-317},
}

@article{Gram1966,
  author  = {Gram, T. E. and J. R. Fouts},
  title   = {Effect of $\alpha$-tocopherol upon lipid peroxidation and drug metabolism in hepatic microsomes},
  journal = {Arch. Biochem. Biophys},
  year    = {1966},
  volume  = {114},
  number  = {},
  pages   = {331-335},
}

@article{Greengard1967,
  author  = {Greengard, O.},
  title   = {Specific enzyme responses in starved, glucagon-treated or irradiated rats, and general consideration on the mechanisms of induction in animals},
  journal = {Adv. in Enz. Reg},
  year    = {1967},
  volume  = {5},
  number  = {},
  pages   = {397-405},
}

@article{Greenwald1957,
  author  = {Greenwald, G. S.},
  title   = {Interruption of pregnancy in the rabbit by the administration of estrogen},
  journal = {J. Exp. Zool},
  year    = {1957},
  volume  = {135},
  number  = {},
  pages   = {461},
}

@article{Grinevich1970,
  author  = {Grinevich, M. A. and I. I. Breikman},
  title   = {Investigation of complex formulations or oriental medicines and their components},
  journal = {Communication \#3: Tonic substances in the medicinal therapy of oriental medicine. Rastitelnyya Resursy},
  year    = {1970},
  volume  = {6},
  number  = {4},
  pages   = {481},
}

@article{Gross1961,
  author  = {Gross, M.},
  title   = {Reproductive cycle biochemistry},
  journal = {Fert. \& Ster},
  year    = {1961},
  volume  = {12},
  number  = {3},
  pages   = {245},
}

@article{Gurdon1962,
  author  = {Gurdon, J. B.},
  title   = {The developmental capacity of nuclei taken from intestinal epithelium cells of feeding tadpoles},
  journal = {J. Embryol. Exp. Morph},
  year    = {1962},
  volume  = {10},
  number  = {},
  pages   = {622-640},
}

@article{Gyorgy1949,
  author  = {Gyorgy, P. and C. S. Rose},
  title   = {Tocopherol and hemolysis in vivo and in vitro},
  journal = {Ann. N. Y. Acad. Sci},
  year    = {1949},
  volume  = {52},
  number  = {},
  pages   = {231},
}

@article{Hahn1966,
  author  = {Hahn, H. F. and E. Fritz},
  title   = {Age-related alterations in the structure of DNA: III},
  journal = {Thermal stability of rat liver DNA, related to age, histone content, and ionic strength. Gerontologia},
  year    = {1966},
  volume  = {12},
  number  = {},
  pages   = {237},
}

@article{Hahn1962,
  author  = {Hahn, E. W. and R. L. Hays},
  title   = {Modification of secondary sex ratio},
  journal = {J. Reprod. Fertil},
  year    = {1962},
  volume  = {5},
  number  = {},
  pages   = {409-411},
}

@article{Hahn1969,
  author  = {Hahn, E. W. and W. F. Ward},
  title   = {The incidence of mating in X-irradiated female rats},
  journal = {J. Reprod. Fertil},
  year    = {1969},
  volume  = {20},
  number  = {},
  pages   = {151-154},
}

@article{Harkness1956,
  author  = {Harkness, M. L. R. and R. D. Harkness and B. E. Moralee},
  title   = {Loss of collagen from the uterus of the rat after ovariectomy and from the non-pregnant horn after parturition},
  journal = {Quart. J. Exp. Physiol},
  year    = {1956},
  volume  = {41},
  number  = {},
  pages   = {254-262},
}

@article{Hazlewood1971,
  author  = {Hazlewood, C. F. and B. L. Nichols and D. C. Chang and B. Brown},
  title   = {On the state of water in developing muscle: A study of the major phase of ordered water in skeletal muscle and its relationship to sodium concentration},
  journal = {The Johns Hopkins Med. J},
  year    = {1971},
  volume  = {128},
  number  = {3},
  pages   = {117-131},
}

@article{Henneman1968,
  author  = {Henneman, D. H.},
  title   = {Effect of estrogen on in vivo and in vitro collagen biosynthesis and maturation in old and young female guinea pigs},
  journal = {Endocrinol},
  year    = {1968},
  volume  = {83},
  number  = {},
  pages   = {678-690},
}

@article{Hoffman1971,
  author  = {Hoffman, R. A.},
  title   = {Influence of some endocrine glands, hormones and blinding on the histology and porphyrins of the Harderian glands of golden hamsters},
  journal = {Am. J. Anat},
  year    = {1971},
  volume  = {132},
  number  = {},
  pages   = {463-478},
}

@article{Hollander1959,
  author  = {Hollander, V. P. and M. L. Stephens},
  title   = {Studies on phenol-activated oxidation of reduced nucleotides by rat uterus},
  journal = {J. Biol. Chem},
  year    = {1959},
  volume  = {234},
  number  = {7},
  pages   = {1901-1906},
}

@article{Horikoshi1971,
  author  = {Horikoshi, H. and W. G. Wiest},
  title   = {Interrelationships between estrogen and progesterone secretion and trauma-induced deciduomata},
  journal = {On causes of uterine refractoriness in the ``Farlow Rat.'' Endocrinol},
  year    = {1971},
  volume  = {89},
  number  = {},
  pages   = {807-817},
}

@article{Houchin1942,
  author  = {Houchin, O. B.},
  title   = {The in vitro effect of $\alpha$-tocopherol and its phosphate derivative on oxidation in muscle tissue},
  journal = {J. Biol. Chem},
  year    = {1942},
  volume  = {146},
  number  = {},
  pages   = {313-321},
}

@article{Ingram1958,
  author  = {Ingram, D. L. and A. M. Mandl},
  title   = {The hypophysial control of the X-ray sterilized ovary},
  journal = {J. Endocrin},
  year    = {1958},
  volume  = {17},
  number  = {},
  pages   = {1-12},
}

@misc{Jakubowska-Naziemblo1969,
  author = {Jakubowska-Naziemblo, B.},
  title  = {Effects of hypothalamic infusion of extract from pregnant uterus on the length of sexual cycle in guinea pigs. Acta Phys. Polonica XX(3): 47.},
  year   = {1969},
  note   = {"Could not parse automatically"},
}

@article{Jeffery1971,
  author  = {Jeffery, J. J. and R. J. Coffer and A. Z. Eisen},
  title   = {Studies on uterine collagenase in tissue culture},
  journal = {II. Effect of steroid hormones on enzyme production. Biochim. et Biophys. Acta},
  year    = {1971},
  volume  = {252},
  number  = {},
  pages   = {143-149},
}

@article{Jellinck1971,
  author  = {Jellinck, P. H. and C. R. Lyttle},
  title   = {Metabolism of 4-$^{14}$C-oestradiol by oestrogen-induced uterine peroxidase},
  journal = {Acta Endocrin. (Kbh) Suppl},
  year    = {1971},
  volume  = {155},
  number  = {},
  pages   = {122},
}

@article{Jensen1967,
  author  = {Jensen, E. V. and M. Numata and S. Smith and T. Suzuki and P. I. Brecker and E. R. DeSombre},
  title   = {Estrogen-receptor interaction in target tissue},
  journal = {Dev. Biol. Suppl},
  year    = {1967},
  volume  = {3},
  number  = {},
  pages   = {151},
}

@article{Jervell1958,
  author  = {Jervell, K. F. and G. R. Dintz and G. C. Mueller},
  title   = {Early effects of estradiol on nucleic acid metabolism in the rat uterus},
  journal = {J. Biol. Chem},
  year    = {1958},
  volume  = {231},
  number  = {},
  pages   = {945},
}

@article{Johansson1966,
  author  = {Johansson, G.},
  title   = {Influence of oxygen on the lactate dehydrogenase isozyme pattern in Chang liver cells},
  journal = {Exp. Cell Res},
  year    = {1966},
  volume  = {43},
  number  = {},
  pages   = {95-97},
}

@misc{Jones1972,
  author = {Jones, A. W.},
  title  = {Paper presented at N. Y. Acad. Sci. Intern. Conf. on Interactions of Ions and Water with Macromolecules and Biological Systems, Jan. 14, N. Y.},
  year   = {1972},
  note   = {"Could not parse automatically"},
}

@article{Jones1970,
  author  = {Jones, E. C.},
  title   = {The ageing ovary and its influence on reproductive capacity},
  journal = {J. Reprod. Fertil. Suppl},
  year    = {1970},
  volume  = {12},
  number  = {},
  pages   = {17-30},
}

@article{Jusiak1970,
  author  = {Jusiak, R.},
  title   = {Possible sources of errors in determinations of tissue slices respiration},
  journal = {Acta Physiol. Pol},
  year    = {1970},
  volume  = {21},
  number  = {4},
  pages   = {581-587},
}

@article{Kao1964,
  author  = {Kao, K-Y. T. and W. E. Hitt and A. T. Bush and T. H. McGavack},
  title   = {Connective tissue},
  journal = {XII. Stimulating effects of estrogens on collagen synthesis in rat uterine slices. Proc. Soc. Exp. Biol. Med},
  year    = {1964},
  volume  = {117},
  number  = {},
  pages   = {86-97},
}

@article{Kar1966,
  author  = {Kar, A. B. and V. P. Kamboj and A. P. Chowdhury},
  title   = {Effect of a foreign body on oxygen consumption of the rat uterus},
  journal = {Curr. Sci},
  year    = {1966},
  volume  = {35},
  number  = {},
  pages   = {543},
}

@article{Kar1965,
  author  = {Kar, A. B. and V. P. Kamboj and A. Goswami and S. R. Chowdhury},
  title   = {Effect of an intrauterine contraceptive suture on the uterus and fertility of rats},
  journal = {J. Reprod. Fert},
  year    = {1965},
  volume  = {9},
  number  = {},
  pages   = {317},
}

@article{Karkun1969,
  author  = {Karkun, J. N. and B. Malviya and A. B. Kar},
  title   = {Effect of intrauterine contraceptive suture on biochemical composition of the rat uterus during implantation},
  journal = {Indian J. Exp. Biol},
  year    = {1969},
  volume  = {7},
  number  = {2},
  pages   = {118},
}

@article{Karnaukhov1971,
  author  = {Karnaukhov, V. N.},
  title   = {Role of carotenoids in intracellular deposition of oxygen},
  journal = {Doklady Biophys},
  year    = {1971},
  volume  = {196},
  number  = {},
  pages   = {13},
}

@article{Kaye1971,
  author  = {Kaye, A. M. and I. Icekson and H. R. Lindner},
  title   = {Stimulation by estrogens of ornithine and S-adenosylmethionine decarboxylases in the immature rat uterus},
  journal = {Biochim. Biophys. Acta},
  year    = {1971},
  volume  = {252},
  number  = {},
  pages   = {150-159},
}

@incollection{Katsh1964,
  author    = {Katsh, S. and A. Edelmann},
  title     = {The influence of gonadectomy, sex, and strain upon the survival times of X-irradiated mice},
  booktitle = {},
  editor    = {W. D. Carlson and F. X. Gassner},
  year      = {1964},
  publisher = {MacMillan},
  address   = {N. Y},
  pages     = {427},
}

@article{Kaunitz1947,
  author  = {Kaunitz, H. and C. A. Slanetz},
  title   = {Influence of alpha tocopherol on implantation in old rats},
  journal = {Proc. Soc. Exp. Biol. Med},
  year    = {1947},
  volume  = {66},
  number  = {},
  pages   = {334},
}

@article{Kaunitz1948,
  author  = {Kaunitz, H. and C. A. Slanetz},
  title   = {Implantation in normal and vitamin E deficient rats},
  journal = {J. Nutr},
  year    = {1948},
  volume  = {36},
  number  = {},
  pages   = {331},
}

@article{Kaunitz1948b,
  author  = {Kaunitz, H. and C. A. Slanetz and W. B. Atkinson},
  title   = {Estrogen response and pigmentation of the uterus in Vitamin E-deficient rat},
  journal = {Proc. Soc. Exp. Biol. Med},
  year    = {1948},
  volume  = {70},
  number  = {},
  pages   = {302-304},
}

@article{Kennedy1970,
  author  = {Kennedy, G. Y.},
  title   = {Harderoporphyrin: A new porphyrin from the harderian glands of the rat},
  journal = {Comp. Biochem. Physiol},
  year    = {1970},
  volume  = {36},
  number  = {},
  pages   = {21-36},
}

@article{Kimeldorf1947,
  author  = {Kimeldorf, D. J. and A. L. Soderwall},
  title   = {Changes in the adrenal cortical zones by ovarian hormones},
  journal = {Endocrinol},
  year    = {1947},
  volume  = {41},
  number  = {1},
  pages   = {21-26},
}

@article{Kirkpatrick1971,
  author  = {Kirkpatrick, J. F.},
  title   = {Differential sensitivity of preimplantation mouse embryos in vitro to oestradiol and progesterone},
  journal = {J. Reprod. Fert},
  year    = {1971},
  volume  = {27},
  number  = {},
  pages   = {283-285},
}

@article{Kobara1972,
  author  = {Kobara, J. J. and D. Konvich},
  title   = {The extraction of brain isozymes with solvents of varying polarity},
  journal = {Proc. Soc. Exp. Biol. Med},
  year    = {1972},
  volume  = {139},
  number  = {4},
  pages   = {1326-1333},
}

@book{Kohn1971,
  author    = {Kohn, R. R.},
  title     = {},
  year      = {1971},
  publisher = {Principles of Mammalian Aging.'' Prentice Hall},
  address   = {},
}

@article{Kohn1971b,
  author  = {Kohn, R. R.},
  title   = {Effects of antioxidants on life-span of C57BL mice},
  journal = {J. Gerontol},
  year    = {1971},
  volume  = {26},
  number  = {3},
  pages   = {378-380},
}

@book{Korenchevsky1961,
  author    = {Korenchevsky, V.},
  title     = {},
  year      = {1961},
  publisher = {Physiological and Pathological Ageing.''  Hafner},
  address   = {N. Y},
  editor    = {G. H. Bourne},
}

@article{Koszalka1972,
  author  = {Koszalka, T. R. and G. L. Andrew},
  title   = {Effect of insulin on the uptake of creatine-1-$^{14}$C by skeletal muscle in normal and X-irradiated rats},
  journal = {Proc. Soc. Exp. Biol. Med},
  year    = {1972},
  volume  = {139},
  number  = {4},
  pages   = {1265-1271},
}

@article{Kraay1970,
  author  = {Kraay, R. J. and L. J. Black},
  title   = {The effect of estrogen priming on the uptake of radioactive estradiol},
  journal = {Proc. Soc. Exp. Biol. Med},
  year    = {1970},
  volume  = {133},
  number  = {},
  pages   = {376-379},
}

@article{Kreutzer1964,
  author  = {Kreutzer, H. H. and W. H. S. Fennis},
  title   = {Lactic dehydrogenase isozymes in blood serum after storage at different temperatures},
  journal = {Clin. Chim. Acta},
  year    = {1964},
  volume  = {9},
  number  = {},
  pages   = {64-68},
}

@incollection{Krohn1966,
  author    = {Krohn, P. L.},
  title     = {Transplantation and aging},
  booktitle = {},
  editor    = {P. L. Krohn},
  year      = {1966},
  publisher = {Wiley and Sons},
  address   = {N. Y},
  pages     = {125},
}

@misc{Labhsetwar1970,
  author = {Labhsetwar, A. P.},
  title  = {Ageing changes in pituitary ovarian relationships. J. Reprod. Fertil. Suppl. 12.},
  year   = {1970},
  note   = {"Could not parse automatically"},
}

@article{Labhsetwar1972,
  author  = {Labhsetwar, A. P. and N. Perser},
  title   = {Uterine uptake of 6,7-$^3$H oestradiol in the presence of intrauterine contraceptive device in cyclic and pregnant rats},
  journal = {Acta Endocrinol},
  year    = {1972},
  volume  = {69},
  number  = {},
  pages   = {583-588},
}

@article{Lansing1947,
  author  = {Lansing, A.},
  title   = {A transmissable, cumulative, and reversible factor in aging},
  journal = {J. Gerontol},
  year    = {1947},
  volume  = {2},
  number  = {},
  pages   = {228-239},
}

@article{Lazar1970,
  author  = {Lazar, G. and G. L. Farkas},
  title   = {Patterns of enzyme changes during leaf senescence},
  journal = {Acta Biol. Acad. Sci. Hung},
  year    = {1970},
  volume  = {21},
  number  = {4},
  pages   = {389-396},
}

@article{Leavit1970,
  author  = {Leavit, W. W. and G. C. Blaha},
  title   = {Circulating progesterone levels in the golden hamster during estrous cycle, pregnancy, and lactation},
  journal = {Biol. Reprod},
  year    = {1970},
  volume  = {3},
  number  = {},
  pages   = {353-361},
}

@article{Lecoq1949,
  author  = {Lecoq, R. and P. Isidor},
  title   = {Studies on the histopathology of vitamin E deficiency},
  journal = {Ann. N. Y. Acad. Sci},
  year    = {1949},
  volume  = {52},
  number  = {},
  pages   = {139-141},
}

@article{Lecoq1949b,
  author  = {Lecoq, R. and P. Chauchard and H. Mazoue},
  title   = {Action of vitamin E on the non-deficient organism},
  journal = {Ann. N. Y. Acad. Sci},
  year    = {1949},
  volume  = {52},
  number  = {3},
  pages   = {142},
}

@article{Lee1971,
  author  = {Lee, C. and H. I. Jacobson},
  title   = {Uterine estrogen receptor in rats during pubescence and the estrous cycle},
  journal = {Endocrinol},
  year    = {1971},
  volume  = {88},
  number  = {},
  pages   = {596},
}

@article{Lee1952,
  author  = {Lee, Y. C. P. and J. T. King and M. B. Visscher},
  title   = {Influence of protein and calorie intake upon certain reproductive functions and carcinogenesis in the mouse},
  journal = {Amer. J. Physiol},
  year    = {1952},
  volume  = {168},
  number  = {2},
  pages   = {391-399},
}

@article{Lehmann1971,
  author  = {Lehmann, F. and G. Bettendorf and Ch. Neale},
  title   = {Plasma steroid patterns in normal, pathological and induced ovarian cycles},
  journal = {Acta Endocrin. (Kby.) Suppl},
  year    = {1971},
  volume  = {155},
  number  = {},
  pages   = {76},
}

@book{Lehninger1970,
  author    = {Lehninger, A. L.},
  title     = {},
  year      = {1970},
  publisher = {Biochemistry.'' Worth},
  address   = {N. Y},
}

@article{Lezzi1969,
  author  = {Lezzi, M.},
  title   = {Differential effects of sodium and potassium ions on the template activity of rat liver chromatin},
  journal = {Physiol. Chem. Phys},
  year    = {1969},
  volume  = {1},
  number  = {},
  pages   = {447},
}

@article{Levvy1948,
  author  = {Levvy, G. X. and L. M. H. Kerr and J. G. Campbell},
  title   = {$\beta$-Glucuron-idase and cell proliferation},
  journal = {Biochem. J},
  year    = {1948},
  volume  = {42},
  number  = {},
  pages   = {462},
}

@misc{Lilly1963,
  author = {Lilly, J. C. ``The Dolphin in History.'' By J. C. Lilly and A. Montagu and University of California and L. A.},
  title  = {.},
  year   = {1963},
  note   = {"Could not parse automatically"},
}

@misc{Ling1972,
  author = {Ling, G. N.},
  title  = {Paper presented at N. Y. Acad. of Sci. Intern. Conf. on Interactions of Ions and Water with Macromolecules and Biological Systems, Jan. 14, N. Y.},
  year   = {1972},
  note   = {"Could not parse automatically"},
}

@article{Ling1967,
  author  = {Ling, G. N. and M. H. Kromash},
  title   = {The extracellular space of voluntary muscle tissues},
  journal = {J. Gen. Physiol},
  year    = {1967},
  volume  = {50},
  number  = {3},
  pages   = {677-694},
}

@article{Loeb1939,
  author  = {Loeb, L. and V. Suntzeff and E. L. Burns},
  title   = {Changes in the nature of the stroma in vagina, cervix and uterus of the mouse produced by long continued injections of oestrogen and by advancing age},
  journal = {Amer. J. Cancer},
  year    = {1939},
  volume  = {35},
  number  = {},
  pages   = {159},
}

@article{Loewenstein1972,
  author  = {Loewenstein, J. M.},
  title   = {Ammonia production in muscle and other tissues: The purine nucleotide cycle},
  journal = {Physiol. Rev},
  year    = {1972},
  volume  = {52},
  number  = {2},
  pages   = {382},
}

@article{Longmuir1958,
  author  = {Longmuir, I. S. and J. Pistel and I. L. Magnus},
  title   = {Respiration of epidermal cells},
  journal = {Bioch. Biophys. Acta},
  year    = {1958},
  volume  = {29},
  number  = {},
  pages   = {203},
}

@article{Longmuir1957,
  author  = {Longmuir, I. S.},
  title   = {Respiration of rat-liver cells at low oxygen concentrations},
  journal = {Biochem. J},
  year    = {1957},
  volume  = {65},
  number  = {},
  pages   = {378},
}

@article{Lucas1955,
  author  = {Lucas, F. V. and H. A. Neufeld and J. G. Utterback and A. P. Martin and E. Stotz},
  title   = {The effect of estrogen on the production of a peroxidase in the rat uterus},
  journal = {J. Biol. Chem},
  year    = {1955},
  volume  = {214},
  number  = {},
  pages   = {775-780},
}

@article{Lunaas1964,
  author  = {Lunaas, T.},
  title   = {A simple method for detection of urinary estrogens},
  journal = {Zootecnia e veterinari},
  year    = {1964},
  volume  = {14},
  number  = {},
  pages   = {359-364},
}

@article{Maharajh1972,
  author  = {Maharajh, D. M. and J. Walkley},
  title   = {Lowering of the saturation solubility of oxygen by the presence of another gas},
  journal = {Nature},
  year    = {1972},
  volume  = {236},
  number  = {},
  pages   = {165},
}

@article{Mahmoud1971,
  author  = {Mahmoud, I. Y. and J. Klicka},
  title   = {Developmental changes in lactic dehydrogenase isozymes in turtles},
  journal = {Life Sci. Pt. II},
  year    = {1971},
  volume  = {10},
  number  = {16},
  pages   = {955},
}

@article{Malaviya1970,
  author  = {Malaviya, B. and J. N. Karkun and A. B. Kar},
  title   = {Effect of intrauterine contraceptive suture on the response of rat uterus to prolonged estrogen treatment},
  journal = {Indian J. Exp. Biol},
  year    = {1970},
  volume  = {8},
  number  = {},
  pages   = {19},
}

@article{McCay1971,
  author  = {McCay, P. B. and J. L. Poyer and P. M. Pfeifer and H. E. May},
  title   = {A function of $\alpha$-tocopherol: stabilization of the microsomal membrane from radical attack during TPNH-dependent oxidations},
  journal = {Lipids},
  year    = {1971},
  volume  = {6},
  number  = {5},
  pages   = {297-306},
}

@article{McGuire1972,
  author  = {McGuire, J. L. and G. D. Bariso and B. S. Fuller},
  title   = {Preliminary isolation of an estrogen specific binding macromolecule from the human uterus},
  journal = {J. Clin. Endocr. Metab},
  year    = {1972},
  volume  = {34},
  number  = {1},
  pages   = {243-246},
}

@article{McLaren1971,
  author  = {McLaren, A. and T. M. Menke},
  title   = {CO$_2$ output of mouse blastocysts in vitro, in normal pregnancy and in delay},
  journal = {J. Reprod. Fert. suppl},
  year    = {1971},
  volume  = {14},
  number  = {},
  pages   = {23-29},
}

@article{Martin1963,
  author  = {Martin, L.},
  title   = {Interactions between oestradiol and progesterone in the uterus of the mouse},
  journal = {J. Endocrin},
  year    = {1963},
  volume  = {26},
  number  = {},
  pages   = {31-39},
}

@article{Martin1960,
  author  = {Martin, L.},
  title   = {The use of 2-3-5-triphenyltetrazolium chloride in the biological assay of oestrogens},
  journal = {J. Endocrin},
  year    = {1960},
  volume  = {20},
  number  = {},
  pages   = {187-197},
}

@article{Martin1970,
  author  = {Martin, L. and C. A. Finn and J. Carter},
  title   = {Effects of progesterone and oestradiol-17$\beta$ on the luminal epithelium of the mouse uterus},
  journal = {J. Reprod. Fert},
  year    = {1970},
  volume  = {21},
  number  = {},
  pages   = {461-469},
}

@article{Mathew1949,
  author  = {Mathew, G. D.},
  title   = {Pelvic endometriosis in relation to sterility},
  journal = {Studies on Fertility \#},
  year    = {1949},
  volume  = {1},
  number  = {},
  pages   = {18},
}

@article{Matusis1969,
  author  = {Matusis, L. I.},
  title   = {Effect of $\alpha$-tocopherol on creatine kinase activity of skeletal muscles and blood in primary and secondary vitamin K deficiency},
  journal = {Bull. Exp. Biol. Med},
  year    = {1969},
  volume  = {69},
  number  = {3},
  pages   = {282},
}

@article{Matusis1971,
  author  = {Matusis, L. I.},
  title   = {Effect of administration of $\alpha$-tocopherol to albino rats on changes in content of ATP, ADP, and inorganic phosphorus in the skin and skeletal muscles due to avitaminosis K},
  journal = {Bull. Exp. Biol. Med},
  year    = {1971},
  volume  = {71},
  number  = {5},
  pages   = {542-543},
}

@article{Maurer1971,
  author  = {Maurer, R. R. and R. H. Foote},
  title   = {Maternal ageing and embryonic mortality in the rabbit},
  journal = {J. Reprod. Fert},
  year    = {1971},
  volume  = {25},
  number  = {},
  pages   = {329-341},
}

@article{Meadow1971,
  author  = {Meadow, N. D. and G. H. Barrows and Jr.},
  title   = {Studies on aging in a bdelloid rotifer},
  journal = {II. The effects of various environmental conditions and maternal age on longevity and fecundity. J. Gerontol},
  year    = {1971},
  volume  = {26},
  number  = {3},
  pages   = {302-309},
}

@article{Mestwerdt1972,
  author  = {Mestwerdt, W. and H. Brandau and H. H. Kley},
  title   = {Struktur und Funktion Steroidaktiver zellen im Postmenopauseovar},
  journal = {Acta Endocr. (Kbh) Suppl},
  year    = {1972},
  volume  = {159},
  number  = {},
  pages   = {13},
}

@book{Metchnikof1908,
  author    = {Metchnikof, E.},
  title     = {},
  year      = {1908},
  publisher = {The Prolongation of Life.'' G. P. Putman's Sons},
  address   = {N. Y},
}

@article{Mitchell1968,
  author  = {Mitchell, J. A. and J. M. Yochim},
  title   = {Intrauterine oxygen tension during the estrous cycle in the rat: its relation to uterine respiration and vascular activity},
  journal = {Endocrinol},
  year    = {1968},
  volume  = {83},
  number  = {},
  pages   = {701-705},
}

@article{Mitchell1968b,
  author  = {Mitchell, J. A. and J. M. Yochim},
  title   = {Measurement of intrauterine oxygen tension in the rat and its regulation by ovarian steroid hormones},
  journal = {Endocrinol},
  year    = {1968},
  volume  = {83},
  number  = {},
  pages   = {691-700},
}

@incollection{Mole1963,
  author    = {Mole, R. H.},
  title     = {Does radiation age or produce non-specific life-shortening?},
  booktitle = {},
  editor    = {R. J. C. Harris},
  year      = {1963},
  publisher = {Academic Press},
  address   = {N. Y},
  pages     = {273},
}

@misc{Morgulis1938,
  author = {Morgulis, S. and W. Osheroff},
  title  = {Mineral composition of the muscles of rabbits on a diet producing muscle dystrophy. J. Biol. Chem. May, pp. 767-773.},
  year   = {1938},
  note   = {"Could not parse automatically"},
}

@misc{Mueller1958,
  author = {Mueller, G. C. and A. M. Herranen and K. F. Jervell},
  title  = {Studies on the mechanism of action of estrogens. Rec. Prog. in Hormone Res. XIV: 95-139.},
  year   = {1958},
  note   = {"Could not parse automatically"},
}

@book{Needham1964,
  author    = {Needham, A. E.},
  title     = {},
  year      = {1964},
  publisher = {The Growth Process in Animals.'' Van Nostrand Co.},
  address   = {Princeton},
}

@book{Needham1931,
  author    = {Needham, J.},
  title     = {},
  year      = {1931},
  publisher = {Chemical Embryology.'' Cambridge University Press},
  address   = {Cambridge},
}

@book{Needham1942,
  author    = {Needham, J.},
  title     = {},
  year      = {1942},
  publisher = {Biochemistry and Morphogenesis.'' Cambridge University Press},
  address   = {Cambridge},
}

@article{Needham1968,
  author  = {Needham, J. and Lu Gwei-Djeh},
  title   = {Steroid Hormones in the Middle Ages},
  journal = {Endeavor},
  year    = {1968},
  volume  = {27},
  number  = {},
  pages   = {130-132},
}

@incollection{Nemetschek-Gansler1967,
  author    = {Nemetschek-Gansler, H.},
  title     = {Ultrastructure of the myometrium},
  booktitle = {},
  editor    = {R. M. Winn},
  year      = {1967},
  publisher = {Appleton-Century-Crofts},
  address   = {N. Y},
  pages     = {353},
}

@article{Nevo1965,
  author  = {Nevo, A. C.},
  title   = {Dependence of sperm motility and respiration on oxygen concentration},
  journal = {J. Reprod. Fert},
  year    = {1965},
  volume  = {9},
  number  = {},
  pages   = {103-107},
}

@article{Nikolayev1970,
  author  = {Nikolayev, A. I. and F. B. Subkhankulova and I. S. Geller},
  title   = {Immune reactions during intoxication with the pesticides methylmercaptophos, phosphamide, aldrin, and monuron},
  journal = {Farmakologiya i Toksikologiya},
  year    = {1970},
  volume  = {33},
  number  = {6},
  pages   = {737},
}

@article{Olson1963,
  author  = {Olson, R. E.},
  title   = {`Excess lactate' and anaerobiosis},
  journal = {Ann. Intern. Med},
  year    = {1963},
  volume  = {59},
  number  = {},
  pages   = {960-963},
}

@article{Orr1972,
  author  = {Orr, C. W. and M. Yoshikawa-fukada and J. D. Ebert},
  title   = {Potassium: Effect on DNA synthesis and multiplication of baby-hamster kidney cells},
  journal = {Proc. Nat. Acad. Sci. USA},
  year    = {1972},
  volume  = {69},
  number  = {1},
  pages   = {243-247},
}

@article{Orsini1961,
  author  = {Orsini, M. W.},
  title   = {The external vaginal phenomena characterizing the stages of the estrus cycle, pregnancy, pseudopregnancy, lactation and the anestrous hamster, \textit{Mesocricetus auratus} Waterhouse},
  journal = {Proc. Anim. Care Panel},
  year    = {1961},
  volume  = {11},
  number  = {},
  pages   = {193-206},
}

@article{Orsini1962,
  author  = {Orsini, M. W. and R. K. Meyer},
  title   = {Effect of varying doses of progesterone on implantation in the ovariectomized hamster},
  journal = {Proc. Soc. Exp. Biol. Med},
  year    = {1962},
  volume  = {110},
  number  = {},
  pages   = {713},
}

@article{Otel1968,
  author  = {Otel, V. and N. Arvanitopol and C. Situlescu},
  title   = {Efectul progesteroului in infertilitatea Functionale la Vaci},
  journal = {Lucr. Stiint Inst. Cercet Zootech},
  year    = {1968},
  volume  = {26},
  number  = {},
  pages   = {113-118},
}

@incollection{Palladin1964,
  author    = {Palladin, A. V.},
  title     = {},
  booktitle = {},
  editor    = {},
  year      = {1964},
  publisher = {Problems of the Biochemistry of the Nervous System.'' Pergamon Press},
  address   = {N. Y},
  pages     = {},
}

@article{Pan1949,
  author  = {P'an, S. Y. and H. Kaunitz and C. A. Slanetz},
  title   = {Restoration of vaginal estrus by alpha-tocopherol acetate in old rats},
  journal = {Ann. N. Y. Acad. Sci},
  year    = {1949},
  volume  = {52},
  number  = {},
  pages   = {80-82},
}

@article{Pan1949b,
  author  = {P'an, S. Y. and H. B. van Dyke and H. Kaunitz and C. A. Slanetz},
  title   = {Effect of vitamin-E deficiency on amount of gonadotrophin in the anterior pituitary of rats},
  journal = {Soc. Exp. Biol. Med},
  year    = {1949},
  volume  = {72},
  number  = {3},
  pages   = {523-526},
}

@misc{Parkening1972,
  author = {Parkening, T. A. and A. L. Soderwall},
  title  = {Delayed Embryonic development and implantation in senescent golden hamsters. In Press.},
  year   = {1972},
  note   = {"Could not parse automatically"},
}

@article{Patnaik1971,
  author  = {Patnaik, B. N.},
  title   = {Age related studies on ascorbic acid metabolism},
  journal = {Gerontologia},
  year    = {1971},
  volume  = {17},
  number  = {2},
  pages   = {112},
}

@article{Peat1971,
  author  = {Peat, R. and A. L. Soderwall},
  title   = {Cold-inactivated enzymes as metabolic controls},
  journal = {Physiol. Chem. Phys},
  year    = {1971},
  volume  = {3},
  number  = {},
  pages   = {401-402},
}

@misc{Peat1972,
  author = {Peat, R. and A. L. Soderwall},
  title  = {Estrogen stimulated pathway changes and cold-inactivated enzymes. Physiol. Chem. Phys., In Press.},
  year   = {1972},
  note   = {"Could not parse automatically"},
}

@article{Pepe1971,
  author  = {Pepe, G. J. and J. M. Yochim},
  title   = {Glucose-6-phosphate dehydrogenase activity in the endometrium and myometrium of the rat uterus during the estrous cycle and progestation},
  journal = {Biol. Repr},
  year    = {1971},
  volume  = {6},
  number  = {},
  pages   = {161},
}

@misc{Pfeiffer1968,
  author = {Pfeiffer, E. and A. Verwoerdt and Hsioh-Shan Wang},
  title  = {Geriatric Focus 7(13): 1-6.},
  year   = {1968},
  note   = {"Could not parse automatically"},
}

@article{Pincus1936,
  author  = {Pincus, G. and R. E. Kirsch},
  title   = {The sterility in rabbits produced by injections of oestrone and related compounds},
  journal = {Amer. J. Physiol},
  year    = {1936},
  volume  = {115},
  number  = {},
  pages   = {219},
}

@misc{Poulson1963,
  author = {Poulson, E. and J. M. Robson and F. M. Sullivan},
  title  = {Embryopathic effects of progesterone deficiency. J. Endocr. 31: xxviii.},
  year   = {1963},
  note   = {"Could not parse automatically"},
}

@article{Pous1959,
  author  = {Pous, D. L. and J. Comas},
  title   = {La Insuficiencia Progestacional del Endometrio},
  journal = {Proc. 3rd World Congr. Fert. Ster},
  year    = {1959},
  volume  = {(Amsterdam)},
  number  = {},
  pages   = {593-595},
}

@article{Raab1962,
  author  = {Raab, W. and F. van Lith and E. Lepeschkin and H. C. Herrlich},
  title   = {Catecholamine-induced myocardial hypoxia in the presence of impaired coronary dilatability independent of external cardiac work},
  journal = {Amer. J. Cardiol},
  year    = {1962},
  volume  = {9},
  number  = {},
  pages   = {455-470},
}

@article{Racker1972,
  author  = {Racker, E.},
  title   = {Bioenergetics and the problem of tumor growth},
  journal = {Amer. Sci},
  year    = {1972},
  volume  = {60},
  number  = {},
  pages   = {56-63},
}

@book{Reid1965,
  author    = {Reid, E.},
  title     = {},
  year      = {1965},
  publisher = {Biochemical Approaches to Cancer.'' Pergamon Press},
  address   = {N. Y},
}

@book{Reichel1967,
  author    = {Reichel, F. J.},
  title     = {},
  year      = {1967},
  publisher = {Concepts in Biochemistry.'' McGraw-Hill},
  address   = {N. Y},
}

@article{Roberts1953,
  author  = {Roberts, S. and C. M. Szego},
  title   = {The influence of steroids on uterine respiration and glycolysis},
  journal = {J. Biol. Chem},
  year    = {1953},
  volume  = {201},
  number  = {},
  pages   = {21},
}

@article{Rokitanskiy1971,
  author  = {Rokitanskiy, V. I. and Yu. V. Yakimov},
  title   = {Proton relaxation in joint tissue after trauma: Study based on nuclear magnetic resonance data},
  journal = {Ortopediya, Traumatologiya i Protezirovaniye},
  year    = {1971},
  volume  = {9},
  number  = {},
  pages   = {35},
}

@article{Rowlatt1970,
  author  = {Rowlatt, C.},
  title   = {Some effects of age and castration in the epithelial basal lamina of secondary sex organs in the mouse},
  journal = {Gerontologia (Basel)},
  year    = {1970},
  volume  = {16},
  number  = {3},
  pages   = {182},
}

@article{Rusin1971,
  author  = {Rusin, V. Ya.},
  title   = {Results of a post-mortem study of endocrine glands and other organs of animals exposed to muscle training, cold adaptation or treated with dibazol},
  journal = {Biologicheskie Nauki},
  year    = {1971},
  volume  = {4},
  number  = {},
  pages   = {33},
}

@incollection{Sacher1959,
  author    = {Sacher, G. A.},
  title     = {Relation of lifespan to brain and body weight},
  booktitle = {},
  editor    = {},
  year      = {1959},
  publisher = {Ciba Foundation Coll. on Ageing},
  address   = {5: 115},
  pages     = {},
}

@article{Sacher1968,
  author  = {Sacher, G. A.},
  title   = {Molecular versus systemic theories on the genesis of ageing},
  journal = {Exp. Gerontol},
  year    = {1968},
  volume  = {3},
  number  = {},
  pages   = {265},
}

@article{Saldarini1967,
  author  = {Saldarini, J. and J. M. Yochim},
  title   = {Metabolism of the uterus of the rat during early pseudopregnancy and its regulation by estrogen and progesterone},
  journal = {Endocrinol},
  year    = {1967},
  volume  = {80},
  number  = {},
  pages   = {453-466},
}

@article{Sanwal1970,
  author  = {Sanwal, P. C. and J. K. Pande and P. R. Dasgupta and A. B. Kar and B. S. Setty},
  title   = {Long-term effect of a continuous low dose of megestrol acetate on the genital organs and fertility of female rats},
  journal = {Steroids},
  year    = {1970},
  volume  = {15},
  number  = {5},
  pages   = {711},
}

@article{Schaub1964,
  author  = {Schaub, M. C.},
  title   = {Changes of collagen in the aging and in the pregnant uterus of white rats},
  journal = {Gerontol},
  year    = {1964},
  volume  = {10},
  number  = {},
  pages   = {137},
}

@article{Schmidt1967,
  author  = {Schmidt, H. and I. Noack and H. Walther and K. D. Voigt},
  title   = {Einfluss von Cyclus und exogener Hormonzufuhr auf Stoffwechselvorgange des Rattenuterus},
  journal = {Acta Endocrinol},
  year    = {1967},
  volume  = {56},
  number  = {},
  pages   = {231-243},
}

@article{Schultze1968,
  author  = {Schultze, A. B.},
  title   = {Selective breeding for uterine metabolic status and its relation to body size in rats},
  journal = {Growth},
  year    = {1968},
  volume  = {32},
  number  = {},
  pages   = {163-164},
}

@article{Schultze1967,
  author  = {Schultze, A. B.},
  title   = {Uterine metabolism changes during gestation in rats of different age groups},
  journal = {Proc. Soc. Exp. Biol. Med},
  year    = {1967},
  volume  = {125},
  number  = {},
  pages   = {379-382},
}

@article{Schultze1965,
  author  = {Schultze, A. B.},
  title   = {Offspring of multiparous rats},
  journal = {J. Reprod. Fert},
  year    = {1965},
  volume  = {10},
  number  = {},
  pages   = {145-147},
}

@article{Schultze1969,
  author  = {Schultze, A. B.},
  title   = {Results of breeding for low and high uterine metabolic status in rats},
  journal = {J. Hered},
  year    = {1969},
  volume  = {60},
  number  = {},
  pages   = {349-350},
}

@article{Schultze1964,
  author  = {Schultze, A. B.},
  title   = {Triphenyltetrazolium reduction by uterine tissue of rats},
  journal = {Proc. Soc. Exp. Biol. Med},
  year    = {1964},
  volume  = {116},
  number  = {},
  pages   = {653},
}

@article{Schultze1964b,
  author  = {Schultze, A. B.},
  title   = {Changes in uterine metabolism associated with reproductive status in female rats},
  journal = {Proc. 5th Intern. Congr. Anim. Reprod. and Artif. Insemin},
  year    = {1964},
  volume  = {2},
  number  = {},
  pages   = {301},
}

@article{Schwarz1949,
  author  = {Schwarz, K.},
  title   = {Dietetic hepatic injuries and the mode of action of tocopherol},
  journal = {Ann. N. Y. Acad. Sci},
  year    = {1949},
  volume  = {52},
  number  = {},
  pages   = {225},
}

@article{Senger1967,
  author  = {Senger, P. L. and E. D. Lose and L. C. Ulberg},
  title   = {Reduced blood supply to the uterus as a cause for early embryonic death in the mouse},
  journal = {J. Exp. Zool},
  year    = {1967},
  volume  = {165},
  number  = {},
  pages   = {337-344},
}

@article{Shain1971,
  author  = {Shain, S. A. and A. Barnea},
  title   = {Some characteristics of the estradiol binding protein of the mature, intact rat uterus},
  journal = {Endocrinol},
  year    = {1971},
  volume  = {89},
  number  = {},
  pages   = {1270-1279},
}

@article{Sharp1971,
  author  = {Sharp, J. G. and C. J. Papariello},
  title   = {The effects of microwave exposure on thymidine-$^3$H uptake in albino rats},
  journal = {Radiation Res},
  year    = {1971},
  volume  = {45},
  number  = {},
  pages   = {434-439},
}

@article{Shereshevsky1928,
  author  = {Shereshevsky, J. L.},
  title   = {A study of vapor pressures in small capillaries},
  journal = {I. Water vapor. (A) Soft glass capillaries. J. Amer. Chem. Soc},
  year    = {1928},
  volume  = {50},
  number  = {},
  pages   = {2966},
}

@article{Shereshevsky1950,
  author  = {Shereshevsky, J. L. and C. P. Carter},
  title   = {Liquid-vapor equilibrium in microscopic capillaries},
  journal = {J. Amer. Chem. Soc},
  year    = {1950},
  volume  = {72},
  number  = {},
  pages   = {3682},
}

@article{Singhal1969,
  author  = {Singhal, R. L. and J. R. E. Valadares and G. M. Ling},
  title   = {Estrogenic regulation of uterine carbohydrate metabolism during senescence},
  journal = {Am. J. Physiol},
  year    = {1969},
  volume  = {217},
  number  = {},
  pages   = {793-797},
}

@article{Shock1963,
  author  = {Shock, N. W. and M. J. Yiengst and J. A. Falzone},
  title   = {Age differences in the water content of the body as related to basal oxygen consumption in males},
  journal = {J. Geront},
  year    = {1963},
  volume  = {18},
  number  = {},
  pages   = {1},
}

@article{Shukla1970,
  author  = {Shukla, S. P. and M. S. Kanungo},
  title   = {Oxidation of pyruvate and lactate by the liver and brain homogenates of rats of various ages},
  journal = {Exp. Geront},
  year    = {1970},
  volume  = {5},
  number  = {},
  pages   = {171-175},
}

@article{Shute1940,
  author  = {Shute, E. V.},
  title   = {A reply to recent criticisms of the theory of a relationship between vitamin E and the oestrogens},
  journal = {J. Endocr},
  year    = {1940},
  volume  = {2},
  number  = {},
  pages   = {173-178},
}

@article{Smith1926,
  author  = {Smith, M. G.},
  title   = {Interruption of pregnancy in rat by injection of ovarian follicular extract},
  journal = {Bull. John Hopkins Hosp},
  year    = {1926},
  volume  = {39},
  number  = {},
  pages   = {203-214},
}

@book{Snedcor1956,
  author    = {Snedcor, G. W.},
  title     = {},
  year      = {1956},
  publisher = {Statistical Methods.'' 5th Edn. Iowa State College Press},
  address   = {Ames},
}

@article{Soderwall1960,
  author  = {Soderwall, A. L. and H. A. Kent and C. L. Turbyfill and A. L. Britenbaker},
  title   = {Variation in gestation length and litter size of the golden hamster, \textit{Mesocricetus auratus}},
  journal = {J. Geront},
  year    = {1960},
  volume  = {15},
  number  = {},
  pages   = {246-248},
}

@article{Soderwall1962,
  author  = {Soderwall, A. L. and B. C. Smith},
  title   = {Beneficial effect of wheat germ oil on pregnancies in female golden hamsters (\textit{Mesocricetus auratus}: Waterhouse)},
  journal = {Fert. Steril},
  year    = {1962},
  volume  = {13},
  number  = {},
  pages   = {287},
}

@article{Song1968,
  author  = {Song, C. S. and A. Kappas},
  title   = {The influence of estrogens, progestins, and pregnancy on the liver},
  journal = {Vitamins and Hormones},
  year    = {1968},
  volume  = {26},
  number  = {},
  pages   = {147},
}

@article{Spaziani1967,
  author  = {Spaziani, E. and R. P. Suddick},
  title   = {Hexose transport and blood flow rate in the uterus: effects of estradiol, puromycin, and actinomycin D},
  journal = {Endocrinol},
  year    = {1967},
  volume  = {81},
  number  = {},
  pages   = {205-212},
}

@article{Stambaugh1971,
  author  = {Stambaugh, R. and J. Buckley},
  title   = {Association of the lactic dehydrogenase X$_4$ isozyme with male-producing rabbit spermatozoa},
  journal = {J. Reprod. Fert},
  year    = {1971},
  volume  = {25},
  number  = {},
  pages   = {275-278},
}

@book{Steinach1940,
  author    = {Steinach, E.},
  title     = {},
  year      = {1940},
  publisher = {Sex and Life.'' Viking Press},
  address   = {N. Y},
}

@misc{Stockton1972,
  author = {Stockton, B.},
  title  = {Reproductive senescence in the golden hamster, \textit{Mesocricetus auratus} Waterhouse: Temporal aspects of ovulation and induction of uterine decidual cells. Ph. D. Dissertation, University of Oregon, Eugene.},
  year   = {1972},
  note   = {"Could not parse automatically"},
}

@incollection{Strehler1967,
  author    = {Strehler, B. L.},
  title     = {},
  booktitle = {},
  editor    = {H. W. Woolhouse},
  year      = {1967},
  publisher = {Academic Press},
  address   = {N. Y},
  pages     = {149},
}

@article{Strickland1956,
  author  = {Strickland, K. P. and R. H. S. Thompson and G. R. Webster},
  title   = {The effects of anticholinesterases on oxidative phosphorylation in brain, and their relation to potassium loss and nerve degeneration},
  journal = {Biochem. J},
  year    = {1956},
  volume  = {62},
  number  = {},
  pages   = {512},
}

@article{Strong1942,
  author  = {Strong, L. C.},
  title   = {Sex differences in pigment content of Harderian glands of mice},
  journal = {Proc. Soc. Exp. Biol. Med},
  year    = {1942},
  volume  = {50},
  number  = {},
  pages   = {123},
}

@book{Strong1968,
  author    = {Strong, L. C.},
  title     = {},
  year      = {1968},
  publisher = {Biological Aspects of Cancer and Aging.'' Pergamon Press},
  address   = {N. Y},
}

@article{Strong1965,
  author  = {Strong, L. C. and F. N. Johnson and A. A. Rimm},
  title   = {The effects of fifty-four generations of inbreeding on age of first litters},
  journal = {J. Gerontol},
  year    = {1965},
  volume  = {20},
  number  = {3},
  pages   = {405-409},
}

@article{Surani1971,
  author  = {Surani, M. A. H. and P. J. Heald},
  title   = {The metabolism of glucose by rat uterus tissue in early pregnancy},
  journal = {Acta Endocrinol},
  year    = {1971},
  volume  = {66},
  number  = {},
  pages   = {16-24},
}

@article{Takeuchi1962,
  author  = {Takeuchi, T. and M. Hayashi and W. H. Fishman},
  title   = {Mucinogenesis and enzymorphology of rat vagina: phosphorylase, $\beta$-glucuronidase, DPNH-diphorase and phosphatases},
  journal = {Acta Endocrinol},
  year    = {1962},
  volume  = {39},
  number  = {},
  pages   = {395-406},
}

@article{Talbert1966,
  author  = {Talbert, G. B. and P. L. Krohn},
  title   = {Effect of maternal age on viability of ova and uterine support of pregnancy in mice},
  journal = {J. Reprod. Fert},
  year    = {1966},
  volume  = {11},
  number  = {},
  pages   = {399-406},
}

@article{Talbert1971,
  author  = {Talbert, G. B.},
  title   = {Effects of maternal age on post-implantation reproductive failure in mice},
  journal = {J. Reprod. Fert},
  year    = {1971},
  volume  = {24},
  number  = {},
  pages   = {449},
}

@article{Talalay1946,
  author  = {Talalay, P. and W. H. Fishman and C. Huggins},
  title   = {Chromogenic substrates},
  journal = {II. Phenolphthalein glucuronic acid as substrate for the assay of glucuronidase activity. J. Biol. Chem},
  year    = {1946},
  volume  = {166},
  number  = {},
  pages   = {757},
}

@article{Talalay1958,
  author  = {Talalay, P. and H. G. Williams-Ashman},
  title   = {Activation of H-transfer between pyridine nucleotides by steroid hormones},
  journal = {Proc. Natl. Acad. Sci},
  year    = {1958},
  volume  = {4},
  number  = {},
  pages   = {15},
}

@misc{Tart1972,
  author = {Tart, C. C.},
  title  = {States of consciousness and state-specific sciences. Science 176.},
  year   = {1972},
  note   = {"Could not parse automatically"},
}

@article{Temple1960,
  author  = {Temple, S. and V. P. Hollander and N. Hollander and M. L. Stephens},
  title   = {Estradiol activation of uterine reduced diphosphopyridine nucleotide oxidase},
  journal = {J. Biol. Chem},
  year    = {1960},
  volume  = {235},
  number  = {5},
  pages   = {1504-1509},
}

@article{Thorneycroft1969,
  author  = {Thorneycroft, I. H. and A. L. Soderwall},
  title   = {The nature of the litter size loss in senescent hamsters},
  journal = {Anat. Rec},
  year    = {1969},
  volume  = {165},
  number  = {},
  pages   = {343-348},
}

@article{Thorneycroft1969b,
  author  = {Thorneycroft, I. H. and A. L. Soderwall},
  title   = {Ovarian morphological and functional changes in reproductively senescent hamsters},
  journal = {Anat. Rec},
  year    = {1969},
  volume  = {165},
  number  = {},
  pages   = {349-354},
}

@incollection{Thung1967,
  author    = {Thung, P. J. and C. F. Hollander},
  title     = {Regenerative growth and accelerated ageing},
  booktitle = {},
  editor    = {H. W. Woolhouse},
  year      = {1967},
  publisher = {Academic Press},
  address   = {N. Y},
  pages     = {},
}

@article{Tobin1971,
  author  = {Tobin, R. B. and M. A. Mehlman},
  title   = {pH Effects on O$_2$ consumption and on lactate and pyruvate production by liver slices},
  journal = {Amer. J. Physiol},
  year    = {1971},
  volume  = {221},
  number  = {4},
  pages   = {1151-1155},
}

@article{Tomkins1961,
  author  = {Tomkins, G. M. and K. L. Yielding and J. Curran},
  title   = {Steroid hormone activation of L-alanine oxidation catalyzed by a subunit of crystalline glutamic dehydrogenase},
  journal = {Proc. Natl. Acad. Sci},
  year    = {1961},
  volume  = {47},
  number  = {},
  pages   = {270-278},
}

@article{Tomlinson1971,
  author  = {Tomlinson, R. W. S.},
  title   = {The action of progesterone on the sodium transport of isolated frog skin},
  journal = {Acta Physiol. Scand},
  year    = {1971},
  volume  = {83},
  number  = {},
  pages   = {463-472},
}

@article{Trams1971,
  author  = {Trams, G. and B. Engel and F. Lehmann and H. Maass},
  title   = {Specific binding of oestradiol in human uterine tissue},
  journal = {Acta Endocrin. (Kbh.) Suppl},
  year    = {1971},
  volume  = {155},
  number  = {},
  pages   = {138},
}

@book{Troshin1966,
  author    = {Troshin, A. S.},
  title     = {},
  year      = {1966},
  publisher = {Problems of Cell Permeability.'' Pergamon Press},
  address   = {N. Y},
}

@article{Ungar1957,
  author  = {Ungar, G. and E. Aschheim and S. Psychoyos and D. V. Romano},
  title   = {Reversible changes of protein configuration in stimulated nerve structures},
  journal = {J. Gen. Physiol},
  year    = {1957},
  volume  = {40},
  number  = {},
  pages   = {635},
}

@article{Ungar1959,
  author  = {Ungar, G. and S. Kadis},
  title   = {Effect of insulin on sulphydryl groups in muscle},
  journal = {Nature},
  year    = {1959},
  volume  = {183},
  number  = {4653},
  pages   = {49-50},
}

@article{Valentini1971,
  author  = {Valentini, E. J. and E. W. Hahn},
  title   = {The indirect effect of radiation on embryonic mortality},
  journal = {Int. J. Radiat. Biol},
  year    = {1971},
  volume  = {20},
  number  = {3},
  pages   = {259-267},
}

@article{Verzar1970,
  author  = {Verzar, F. and M. Ermini},
  title   = {Decrease of creatine-phosphate restitution of muscle in old age and the influence of glucose},
  journal = {Gerontol},
  year    = {1970},
  volume  = {16},
  number  = {},
  pages   = {223-230},
}

@article{Villee1965,
  author  = {Villee, C. A. and D. D. Hagerman and P. B. Joel},
  title   = {An enzymatic basis for the physiologic function of estrogens},
  journal = {Rec. Prog. Hormone Res},
  year    = {1965},
  volume  = {16},
  number  = {},
  pages   = {46-69},
}

@article{Vinson1964,
  author  = {Vinson, G. P. and I. C. Jones},
  title   = {The in vitro production of oestrogens from progesterone by mouse adrenal glands},
  journal = {J. Endocrinol},
  year    = {1964},
  volume  = {29},
  number  = {},
  pages   = {185-191},
}

@article{Visscher1952,
  author  = {Visscher, M. B. and J. T. King and Y. C. P. Lee},
  title   = {Further studies on influence of age and diet upon reproductive senescence in strain A female mice},
  journal = {Amer. J. Physiol},
  year    = {1952},
  volume  = {170},
  number  = {},
  pages   = {72},
}

@article{Waddell1969,
  author  = {Waddell, W. J. and R. G. Bates},
  title   = {Intracellular pH},
  journal = {Physiol. Rev},
  year    = {1969},
  volume  = {49},
  number  = {},
  pages   = {285},
}

@incollection{Wakabayashi1970,
  author    = {Wakabayashi, M.},
  title     = {$\beta$-glucuronidases in metabolic hydrolysis},
  booktitle = {},
  editor    = {W. H. Fishman},
  year      = {1970},
  publisher = {Academic Press},
  address   = {N. Y},
  pages     = {520-602},
}

@book{Warburg1969,
  author    = {Warburg, O.},
  title     = {},
  year      = {1969},
  publisher = {The Prime Cause and Prevention of Cancer.'' Konrad Triltsch, Wurzburg},
  address   = {Germany},
}

@incollection{Warburg1967,
  author    = {Warburg, O. and A. W. Geissler and S. Lorenz},
  title     = {Oxygen, the creator of differentiation},
  booktitle = {},
  editor    = {A. K. Mills},
  year      = {1967},
  publisher = {Blackwell},
  address   = {Oxford},
  pages     = {327},
}

@book{Webb1965,
  author    = {Webb, S. J.},
  title     = {},
  year      = {1965},
  publisher = {Bound Water in Biological Integrity.'' Thomas},
  address   = {Springfield},
}

@article{Wiggins1971,
  author  = {Wiggins, P. M.},
  title   = {Water structure as a determinant of ion distribution in living tissue},
  journal = {J. Theor. Biol},
  year    = {1971},
  volume  = {32},
  number  = {},
  pages   = {131-146},
}

@article{Wigglesworth1964,
  author  = {Wigglesworth, J. S.},
  title   = {Experimental growth retardation in the rat},
  journal = {J. Pathol. Bacteriol},
  year    = {1964},
  volume  = {88},
  number  = {1},
  pages   = {1},
}

@article{Wilson1969,
  author  = {Wilson, E. W.},
  title   = {The effect of oestradiol-17$\beta$ on enzymes concerned with metabolism of carbohydrate in human endometrium in vitro},
  journal = {J. Endocr},
  year    = {1969},
  volume  = {44},
  number  = {},
  pages   = {63-68},
}

@article{Wintenberger-Torres1971,
  author  = {Wintenberger-Torres, S. and M-C. Danel},
  title   = {Etude du developpement in vitro des blastocystes de lapin},
  journal = {Ann. Biol. Anim. Bioch. Biophys},
  year    = {1971},
  volume  = {11},
  number  = {3},
  pages   = {379-387},
}

@book{With1968,
  author    = {With, T. G.},
  title     = {},
  year      = {1968},
  publisher = {Bile Pigments.'' Academic Press},
  address   = {N. Y},
}

@article{Woessner1962,
  author  = {Woessner, J. F.},
  title   = {Ageing of human uterus connective tissue},
  journal = {J. Gerontol},
  year    = {1962},
  volume  = {17},
  number  = {},
  pages   = {453},
}

@article{Yanagishima1970,
  author  = {Yanagishima, N. and C. Shimoda and T. Takahashi and N. Takao},
  title   = {Responsiveness of yeast cells to auxin, animal sex hormones and yeast sexual hormones in relation to sex controlling genes},
  journal = {Devel. Growth, Different},
  year    = {1970},
  volume  = {11},
  number  = {4},
  pages   = {277-285},
}

@article{Yochim1968,
  author  = {Yochim, J. M. and J. A. Mitchell},
  title   = {Intrauterine oxygen tension in the rat during progestation: its possible relation to carbohydrate metabolism and the regulation of nidation},
  journal = {Endocrinol},
  year    = {1968},
  volume  = {83},
  number  = {},
  pages   = {706-713},
}

@incollection{Yochim1971,
  author    = {Yochim, J. M.},
  title     = {Intrauterine oxygen tension and the metabolism of the endometrium during the preimplantation period},
  booktitle = {},
  editor    = {R. J. Blandau},
  year      = {1971},
  publisher = {University of Chicago Press},
  address   = {Chicago},
  pages     = {363},
}

@misc{Yochim1971b,
  author = {Yochim, J. M. and S. W. Clark},
  title  = {Lactic dehydrogenase activity in the uterus of the rat during the estrous cycle and its relation to intrauterine oxygen tension. Biol. Repr. 146-151.},
  year   = {1971},
  note   = {"Could not parse automatically"},
}

@article{Yokota1965,
  author  = {Yokota, K. and Yamazaki},
  title   = {Reaction of peroxidase with reduced nicotinamide-adenine dinucleotide and reduced nicotinamide-adenine dinucleotide phosphate},
  journal = {Biochim. Biophys. Acta},
  year    = {1965},
  volume  = {105},
  number  = {},
  pages   = {301-312},
}

@article{Yudkin1970,
  author  = {Yudkin, F.},
  title   = {A rival of the legendary ginseng},
  journal = {Ural},
  year    = {1970},
  volume  = {11},
  number  = {},
  pages   = {77-79},
}

@article{Zinkat1931,
  author  = {Zinkat, W.},
  title   = {Hist-topochemische untersuchungen uber die Schwankungen des Kalkge haltes den Arterien des Uterus},
  journal = {Virchow's Arch. Path. Anat. u. Physiol},
  year    = {1931},
  volume  = {281},
  number  = {3},
  pages   = {911-931},
}

@article{Zondag1963,
  author  = {Zondag, H. A.},
  title   = {Lactate dehydrogenase isozymes: lability at low temperature},
  journal = {Nature},
  year    = {1963},
  volume  = {143},
  number  = {},
  pages   = {965-967},
}

